<record><leader>00000cas a2200000 a 4500</leader><controlfield tag="001">8296786</controlfield><controlfield tag="008">820331d18721878nyudn ne      0   a0eng d</controlfield><controlfield tag="009">240</controlfield><datafield ind1=" " ind2=" " tag="010"><subfield code="a">sn 83031202 </subfield></datafield><datafield ind1=" " ind2=" " tag="040"><subfield code="a">ZLM</subfield><subfield code="b">eng</subfield><subfield code="c">ZLM</subfield><subfield code="d">NPU</subfield><subfield code="d">NSD</subfield><subfield code="d">NYG</subfield><subfield code="d">NPX</subfield><subfield code="d">NSD</subfield><subfield code="d">NYS</subfield><subfield code="d">OCL</subfield><subfield code="d">OCLCQ</subfield></datafield><datafield ind1="1" ind2=" " tag="029"><subfield code="a">AU@</subfield><subfield code="b">000025831435</subfield></datafield><datafield ind1=" " ind2=" " tag="042"><subfield code="a">msc</subfield></datafield><datafield ind1="0" ind2=" " tag="130"><subfield code="a">Daily freeman (Kingston, N.Y. : 1872)</subfield></datafield><datafield ind1="0" ind2="4" tag="245"><subfield code="a">The daily freeman.</subfield></datafield><datafield ind1=" " ind2=" " tag="260"><subfield code="a">Kingston, (Rondout), N.Y. :</subfield><subfield code="b">Horatio Fowks,</subfield><subfield code="c">1872-1878.</subfield></datafield><datafield ind1=" " ind2=" " tag="300"><subfield code="a">v. :</subfield><subfield code="b">ill. ;</subfield><subfield code="c">64-66 cm.</subfield></datafield><datafield ind1=" " ind2=" " tag="310"><subfield code="a">Daily (except Sunday)</subfield></datafield><datafield ind1="0" ind2=" " tag="362"><subfield code="a">Vol. 1, no. 140 (Apr. 1, 1872)-v. 7, no. 317 (Oct. 26, 1878).</subfield></datafield><datafield ind1=" " ind2=" " tag="500"><subfield code="a">Publisher: Freeman Print. and Pub. Assn., &lt;1876&gt;-1878.</subfield></datafield><datafield ind1=" " ind2="4" tag="651"><subfield code="a">Kingston (N.Y.)</subfield><subfield code="v">Newspapers.</subfield></datafield><datafield ind1=" " ind2=" " tag="752"><subfield code="a">United States</subfield><subfield code="b">New York</subfield><subfield code="c">Ulster</subfield><subfield code="d">Kingston.</subfield></datafield><datafield ind1="0" ind2=" " tag="775"><subfield code="t">Weekly freeman</subfield><subfield code="w">(DLC)sn 83031204</subfield></datafield><datafield ind1="0" ind2="0" tag="780"><subfield code="t">Rondout daily freeman</subfield><subfield code="w">(DLC)sn 85054403</subfield></datafield><datafield ind1="0" ind2="0" tag="785"><subfield code="t">Kingston daily freeman</subfield><subfield code="w">(DLC)sn 85054405</subfield></datafield></record>